<?xml version="1.0" encoding="UTF-8"?><record xmlns="http://www.loc.gov/MARC21/slim" xmlns:cinclude="http://apache.org/cocoon/include/1.0" xmlns:zs="http://www.loc.gov/zing/srw/">
  <leader>00380cz  a2200133n  4500</leader>
  <controlfield tag="001">no2009164334</controlfield>
  <controlfield tag="003">DLC</controlfield>
  <controlfield tag="005">20130321075354.0</controlfield>
  <controlfield tag="008">091014n| azannaabn          |n aaa     c</controlfield>
  <datafield tag="010" ind1=" " ind2=" ">
    <subfield code="a">no2009164334</subfield>
  </datafield>
  <datafield tag="035" ind1=" " ind2=" ">
    <subfield code="a">(OCoLC)oca08271949</subfield>
  </datafield>
  <datafield tag="040" ind1=" " ind2=" ">
    <subfield code="a">CtY</subfield>
    <subfield code="b">eng</subfield>
    <subfield code="e">rda</subfield>
    <subfield code="c">CtY</subfield>
    <subfield code="d">CSt</subfield>
  </datafield>
  <datafield tag="100" ind1="1" ind2=" ">
    <subfield code="a">Niegowska, Agnieszka</subfield>
  </datafield>
  <datafield tag="670" ind1=" " ind2=" ">
    <subfield code="a">It all began in Poland-- 1939-1989, 2009:</subfield>
    <subfield code="b">colophon (Agnieszka Niegowska)</subfield>
  </datafield>
</record>